<record xmlns="http://www.loc.gov/MARC21/slim" xmlns:xsi="http://www.w3.org/2001/XMLSchema-instance" xsi:schemaLocation="http://www.loc.gov/MARC21/slim http://www.loc.gov/standards/marcxml/schema/MARC21slim.xsd"><leader>02255nam a2200421   4500</leader><controlfield tag="001">001683180</controlfield><controlfield tag="003">NNU</controlfield><controlfield tag="006">m        d        </controlfield><controlfield tag="007">cr cn |||m|||a</controlfield><controlfield tag="008">150110s1969    iq      ob    000 0 arar</controlfield><datafield ind1=" " ind2=" " tag="040"><subfield code="a">NNU</subfield><subfield code="b">eng</subfield><subfield code="e">rda</subfield><subfield code="c">NNU</subfield></datafield><datafield ind1=" " ind2="4" tag="050"><subfield code="a">PJ7700.A35</subfield><subfield code="b">A6 1969</subfield></datafield><datafield ind1="1" ind2=" " tag="100"><subfield code="6">880-01</subfield><subfield code="a">Ah&#803;was&#803; al-Ans&#803;a&#772;ri&#772;, &#699;Abd Alla&#772;h ibn Muh&#803;ammad,</subfield><subfield code="d">approximately 655-728 or 729.</subfield></datafield><datafield ind1="1" ind2="0" tag="245"><subfield code="6">880-02</subfield><subfield code="a">Shi&#699;r al-Ah&#803;was&#803; /</subfield><subfield code="c">Ibn Muh&#803;ammad al-Ans&#803;a&#772;ri&#772; ; jam&#699; wa-tah&#803;qi&#772;q Ibra&#772;hi&#772;m al-Sa&#772;marra&#772;&#700;i&#772;.</subfield></datafield><datafield ind1="1" ind2="4" tag="246"><subfield code="6">880-03</subfield><subfield code="a">Shi&#700;ar al-Ahwas al-Ansari</subfield></datafield><datafield ind1=" " ind2=" " tag="250"><subfield code="6">880-04</subfield><subfield code="a">[al-T&#803;ab&#699;ah 2].</subfield></datafield><datafield ind1=" " ind2=" " tag="260"><subfield code="6">880-05</subfield><subfield code="a">al-Najaf :</subfield><subfield code="b">Mat&#803;ba&#699;at al-Nu&#699;ma&#772;n,</subfield><subfield code="c">1969.</subfield></datafield><datafield ind1=" " ind2=" " tag="300"><subfield code="a">online resource (320 pages)</subfield></datafield><datafield ind1=" " ind2=" " tag="336"><subfield code="a">text</subfield><subfield code="2">rdacontent</subfield></datafield><datafield ind1=" " ind2=" " tag="337"><subfield code="a">computer</subfield><subfield code="2">rdamedia</subfield></datafield><datafield ind1=" " ind2=" " tag="338"><subfield code="a">online resource</subfield><subfield code="2">rdacarrier</subfield></datafield><datafield ind1=" " ind2=" " tag="500"><subfield code="a">Part of the Arabic Collections Online (ACO) project, contributed by New York Univeristy Libraries.</subfield></datafield><datafield ind1=" " ind2=" " tag="504"><subfield code="a">Includes bibliographical references (pages 294-308).</subfield></datafield><datafield ind1=" " ind2=" " tag="533"><subfield code="a">Electronic reproduction.</subfield><subfield code="b">New York, N.Y. :</subfield><subfield code="c">New York University,</subfield><subfield code="d">2015.</subfield><subfield code="5">NNU</subfield></datafield><datafield ind1="1" ind2=" " tag="700"><subfield code="6">880-06</subfield><subfield code="a">S&#257;marr&#257;&#700;&#299;, Ibr&#257;h&#299;m</subfield></datafield><datafield ind1="2" ind2=" " tag="710"><subfield code="a">New York University.</subfield><subfield code="b">Libraries.</subfield></datafield><datafield ind1="0" ind2=" " tag="730"><subfield code="a">Arabic Collections Online.</subfield></datafield><datafield ind1="0" ind2="8" tag="776"><subfield code="i">Online version:</subfield><subfield code="a">Ah&#803;was&#803; al-Ans&#803;a&#772;ri&#772;, &#699;Abd Alla&#772;h ibn Muh&#803;ammad, approximately 655-728 or 9.</subfield><subfield code="t">Shi&#699;r al-Ah&#803;was&#803;.</subfield><subfield code="b">[al-T&#803;ab&#699;ah 2].</subfield><subfield code="d">al-Najaf : Mat&#803;ba&#699;at al-Nu&#699;ma&#772;n, 1969</subfield><subfield code="w">(OCoLC)583848353</subfield></datafield><datafield ind1="0" ind2="8" tag="776"><subfield code="i">Print version:</subfield><subfield code="a">Ah&#803;was&#803; al-Ans&#803;a&#772;ri&#772;, &#699;Abd Alla&#772;h ibn Muh&#803;ammad, approximately 655-728 or 729.</subfield><subfield code="t">Shi&#699;r al-Ah&#803;was&#803;</subfield><subfield code="w">(NNU)001683180</subfield><subfield code="w">(DLC)ne 79233959</subfield></datafield><datafield ind1="4" ind2="0" tag="856"><subfield code="u">http://hdl.handle.net/2333.1/66t1g3bp</subfield></datafield><datafield ind1="1" ind2=" " tag="880"><subfield code="6">100-01/</subfield><subfield code="a">&#1575;&#1581;&#1608;&#1589; &#1575;&#1604;&#1575;&#1606;&#1589;&#1575;&#1585;&#1610;&#1548; &#1593;&#1576;&#1583; &#1575;&#1604;&#1604;&#1607; &#1576;&#1606; &#1605;&#1581;&#1605;&#1583;&#1548;,</subfield><subfield code="d">approximately 655-728 or 729.</subfield></datafield><datafield ind1="1" ind2="0" tag="880"><subfield code="6">245-02/</subfield><subfield code="a">&#1588;&#1593;&#1585; &#1575;&#1604;&#1575;&#1581;&#1608;&#1589; /</subfield><subfield code="c">&#1576;&#1606; &#1605;&#1581;&#1605;&#1583; &#1575;&#1604;&#1575;&#1606;&#1589;&#1575;&#1585;&#1610; &#1563; &#1580;&#1605;&#1593; &#1608;&#1578;&#1581;&#1602;&#1610;&#1602; &#1575;&#1576;&#1585;&#1575;&#1607;&#1610;&#1605; &#1575;&#1604;&#1587;&#1575;&#1605;&#1585;&#1575;&#1574;&#1610;.</subfield></datafield><datafield ind1="1" ind2="4" tag="880"><subfield code="6">246-03/</subfield><subfield code="a">&#1588;&#1593;&#1585; &#1575;&#1604;&#1571;&#1581;&#1608;&#1589; &#1575;&#1604;&#1571;&#1606;&#1589;&#1575;&#1585;&#1610;</subfield></datafield><datafield ind1=" " ind2=" " tag="880"><subfield code="6">250-04/</subfield><subfield code="a">[&#1575;&#1604;&#1591;&#1576;&#1593;&#1577; 2].</subfield></datafield><datafield ind1=" " ind2=" " tag="880"><subfield code="6">260-05/</subfield><subfield code="a">&#1575;&#1604;&#1606;&#1580;&#1601; :</subfield><subfield code="b">&#1605;&#1591;&#1576;&#1593;&#1577; &#1575;&#1604;&#1606;&#1593;&#1605;&#1575;&#1606;&#1548;</subfield><subfield code="c">1969.</subfield></datafield><datafield ind1="1" ind2=" " tag="880"><subfield code="6">700-06/</subfield><subfield code="a">&#1587;&#1575;&#1605;&#1585;&#1575;&#1574;&#1610;&#1548; &#1575;&#1576;&#1585;&#1575;&#1607;&#1610;&#1605;.</subfield></datafield><datafield ind1=" " ind2=" " tag="959"><subfield code="a">NNU</subfield><subfield code="b">WEB</subfield><subfield code="c">GENI</subfield><subfield code="t">0</subfield><subfield code="m">Electronic access</subfield><subfield code="s">01</subfield></datafield><datafield ind1=" " ind2=" " tag="999"><subfield code="i">NNU_001683180</subfield><subfield code="o" /></datafield></record>